<record><leader>00000cas a22000007a 4500</leader><controlfield tag="001">1755036</controlfield><controlfield tag="008">751101c19699999mnuwr ne      0    0eng d</controlfield><datafield ind1=" " ind2=" " tag="010"><subfield code="a">sn 90060883 </subfield></datafield><datafield ind1=" " ind2=" " tag="040"><subfield code="a">MUL</subfield><subfield code="b">eng</subfield><subfield code="c">MUL</subfield><subfield code="d">MN#</subfield><subfield code="d">OCLCQ</subfield><subfield code="d">OCLCF</subfield><subfield code="d">OCLCO</subfield></datafield><datafield ind1="1" ind2=" " tag="029"><subfield code="a">AU@</subfield><subfield code="b">000025849044</subfield></datafield><datafield ind1=" " ind2=" " tag="042"><subfield code="a">msc</subfield></datafield><datafield ind1=" " ind2=" " tag="043"><subfield code="a">n-us-mn</subfield></datafield><datafield ind1=" " ind2=" " tag="052"><subfield code="a">4144</subfield><subfield code="b">K25</subfield></datafield><datafield ind1=" " ind2=" " tag="052"><subfield code="a">4143</subfield><subfield code="b">K5</subfield></datafield><datafield ind1="0" ind2=" " tag="130"><subfield code="a">North Star news (Karlstad, Minn.)</subfield></datafield><datafield ind1="0" ind2="0" tag="245"><subfield code="a">North Star news.</subfield></datafield><datafield ind1=" " ind2=" " tag="260"><subfield code="a">Karlstad, Minn. :</subfield><subfield code="b">Dane H. Nordine,</subfield><subfield code="c">1969-</subfield></datafield><datafield ind1=" " ind2=" " tag="300"><subfield code="a">v.</subfield></datafield><datafield ind1=" " ind2=" " tag="310"><subfield code="a">Weekly</subfield></datafield><datafield ind1="0" ind2=" " tag="362"><subfield code="a">Vol. 69, no. 13 (Apr. 9, 1969)-</subfield></datafield><datafield ind1=" " ind2=" " tag="530"><subfield code="a">Available on microfilm from the Minnesota Historical Society.</subfield></datafield><datafield ind1=" " ind2=" " tag="580"><subfield code="a">Formed by the union of: Karlstad advocate, and: Lake Bronson budget, and: Lancaster herald (Lancaster, Minn.), and: Kennedy star.</subfield></datafield><datafield ind1=" " ind2="0" tag="651"><subfield code="a">Karlstad (Minn.)</subfield><subfield code="v">Newspapers.</subfield></datafield><datafield ind1=" " ind2="7" tag="655"><subfield code="a">Newspapers.</subfield><subfield code="2">fast</subfield><subfield code="0">(OCoLC)fst01423814</subfield></datafield><datafield ind1=" " ind2="7" tag="651"><subfield code="a">Minnesota</subfield><subfield code="z">Karlstad.</subfield><subfield code="2">fast</subfield><subfield code="0">(OCoLC)fst01247245</subfield></datafield><datafield ind1=" " ind2=" " tag="752"><subfield code="a">United States</subfield><subfield code="b">Minnesota</subfield><subfield code="c">Kittson</subfield><subfield code="d">Karlstad.</subfield></datafield><datafield ind1="1" ind2="4" tag="780"><subfield code="t">Karlstad advocate</subfield><subfield code="w">(DLC)sn 90060881</subfield></datafield><datafield ind1="1" ind2="4" tag="780"><subfield code="t">Lake Bronson budget</subfield><subfield code="w">(DLC)sn 90060873</subfield></datafield><datafield ind1="1" ind2="4" tag="780"><subfield code="t">Lancaster herald (Lancaster, Minn.)</subfield><subfield code="w">(DLC)sn 90060882</subfield></datafield><datafield ind1="1" ind2="4" tag="780"><subfield code="t">Kennedy star</subfield><subfield code="w">(DLC)sn 90060904</subfield></datafield></record>